@article{Edelsbrunner:1994:TAS:174462.156635,
 author = {Edelsbrunner, Herbert and M\"{u}cke, Ernst P.},
 title = {Three-dimensional Alpha Shapes},
 journal = {ACM Trans. Graph.},
 issue_date = {Jan. 1994},
 volume = {13},
 number = {1},
 month = jan,
 year = {1994},
 issn = {0730-0301},
 pages = {43--72},
 numpages = {30},
 url = {http://doi.acm.org/10.1145/174462.156635},
 doi = {10.1145/174462.156635},
 acmid = {156635},
 publisher = {ACM},
 address = {New York, NY, USA},
 keywords = {Delaunay triangulations, computational graphics, geometric algorithms, point sets, polytopes, robust implementation, scientific computing, scientific visualization, simplicial complexes, simulated perturbation, three-dimensional space},
} 

@Inbook{Kerber2013,
author="Kerber, Michael
and Sharathkumar, R.",
editor="Cai, Leizhen
and Cheng, Siu-Wing
and Lam, Tak-Wah",
chapter="Approximate {\v{C}}ech Complex in Low and High Dimensions",
title="Algorithms and Computation: 24th International Symposium, ISAAC 2013, Hong Kong, China, December 16-18, 2013, Proceedings",
year="2013",
publisher="Springer Berlin Heidelberg",
address="Berlin, Heidelberg",
pages="666--676",
isbn="978-3-642-45030-3",
doi="10.1007/978-3-642-45030-3_62",
url="http://dx.doi.org/10.1007/978-3-642-45030-3_62"
}



@article {CGF:CGF178,
author = {Guo, Baining and Menon, Jai and Willette, Brian},
title = {Surface Reconstruction Using Alpha Shapes},
journal = {Computer Graphics Forum},
volume = {16},
number = {4},
publisher = {Blackwell Publishers},
issn = {1467-8659},
url = {http://dx.doi.org/10.1111/1467-8659.00178},
doi = {10.1111/1467-8659.00178},
pages = {177--190},
keywords = {Surface topology, alpha shapes, manifolds, surface fitting},
year = {1997},
}

@article{Zomorodian2010263,
title = "Fast construction of the Vietoris-Rips complex ",
journal = "Computers and Graphics ",
volume = "34",
number = "3",
pages = "263 - 271",
year = "2010",
note = "Shape Modelling International (SMI) Conference 2010 ",
issn = "0097-8493",
doi = "http://dx.doi.org/10.1016/j.cag.2010.03.007",
url = "http://www.sciencedirect.com/science/article/pii/S0097849310000464",
author = "Afra Zomorodian",
keywords = "Topological data analysis",
keywords = "Vietoris-Rips complex",
keywords = "Clique complex "
}

@misc{persist,
  title = {Persistence},
  howpublished = {\url{https://datawarrior.wordpress.com/2015/12/20/tda-4-persistence/}},
  note = {Accessed: 2016-05-15}
}